@ARTICLE{Bryan14,
   author = {{Bryan}, G.~L. and {Norman}, M.~L. and {O'Shea}, B.~W. and {Abel}, T. and 
	{Wise}, J.~H. and {Turk}, M.~J. and {Reynolds}, D.~R. and {Collins}, D.~C. and 
	{Wang}, P. and {Skillman}, S.~W. and {Smith}, B. and {Harkness}, R.~P. and 
	{Bordner}, J. and {Kim}, J.-h. and {Kuhlen}, M. and {Xu}, H. and 
	{Goldbaum}, N. and {Hummels}, C. and {Kritsuk}, A.~G. and {Tasker}, E. and 
	{Skory}, S. and {Simpson}, C.~M. and {Hahn}, O. and {Oishi}, J.~S. and 
	{So}, G.~C. and {Zhao}, F. and {Cen}, R. and {Li}, Y. and {Enzo Collaboration}
	},
    title = "{ENZO: An Adaptive Mesh Refinement Code for Astrophysics}",
  journal = {\apjs},
archivePrefix = "arXiv",
   eprint = {1307.2265},
 primaryClass = "astro-ph.IM",
 keywords = {hydrodynamics, methods: numerical},
     year = 2014,
    month = apr,
   volume = 211,
      eid = {19},
    pages = {19},
      doi = {10.1088/0067-0049/211/2/19},
   adsurl = {http://adsabs.harvard.edu/abs/2014ApJS..211...19B},
  adsnote = {Provided by the SAO/NASA Astrophysics Data System}
}

@ARTICLE{Burkhart15,
   author = {{Burkhart}, B. and {Collins}, D.~C. and {Lazarian}, A.},
    title = "{Observational Diagnostics of Self-gravitating MHD Turbulence in Giant Molecular Clouds}",
  journal = {\apj},
archivePrefix = "arXiv",
   eprint = {1505.03855},
 primaryClass = "astro-ph.SR",
 keywords = {dust, extinction, ISM: kinematics and dynamics, magnetic fields, magnetohydrodynamics: MHD, molecular data, stars: formation, turbulence},
     year = 2015,
    month = jul,
   volume = 808,
      eid = {48},
    pages = {48},
      doi = {10.1088/0004-637X/808/1/48},
   adsurl = {http://adsabs.harvard.edu/abs/2015ApJ...808...48B},
  adsnote = {Provided by the SAO/NASA Astrophysics Data System}
}

@ARTICLE{Burkhart17,
   author = {{Burkhart}, B. and {Stalpes}, K. and {Collins}, D.~C.},
    title = "{The Razor{\rsquo}s Edge of Collapse: The Transition Point from Lognormal to Power-Law Distributions in Molecular Clouds}",
  journal = {\apjl},
archivePrefix = "arXiv",
   eprint = {1609.04409},
 keywords = {dust, extinction, galaxies: star formation, magnetohydrodynamics: MHD},
     year = 2017,
    month = jan,
   volume = 834,
      eid = {L1},
    pages = {L1},
      doi = {10.3847/2041-8213/834/1/L1},
   adsurl = {http://adsabs.harvard.edu/abs/2017ApJ...834L...1B},
  adsnote = {Provided by the SAO/NASA Astrophysics Data System}
}

@ARTICLE{Chen17,
   author = {{Chen}, H. and {Burkhart}, B. and {Goodman}, A.~A. and {Collins}, D.~C.
	},
    title = "{The Anatomy of the Column Density Probability Distribution Function (N-PDF)}",
  journal = {ArXiv e-prints},
archivePrefix = "arXiv",
   eprint = {1707.09356},
 keywords = {Astrophysics - Astrophysics of Galaxies},
     year = 2017,
    month = jul,
   adsurl = {http://adsabs.harvard.edu/abs/2017arXiv170709356C},
  adsnote = {Provided by the SAO/NASA Astrophysics Data System}
}

@ARTICLE{Collins10,
   author = {{Collins}, D.~C. and {Xu}, H. and {Norman}, M.~L. and {Li}, H. and 
	{Li}, S.},
    title = "{Cosmological Adaptive Mesh Refinement Magnetohydrodynamics with Enzo}",
  journal = {\apjs},
archivePrefix = "arXiv",
   eprint = {0902.2594},
 primaryClass = "astro-ph.IM",
 keywords = {cosmology: theory, methods: numerical, magnetohydrodynamics: MHD},
     year = 2010,
    month = feb,
   volume = 186,
    pages = {308-333},
      doi = {10.1088/0067-0049/186/2/308},
   adsurl = {http://adsabs.harvard.edu/abs/2010ApJS..186..308C},
  adsnote = {Provided by the SAO/NASA Astrophysics Data System}
}

@ARTICLE{Collins11,
   author = {{Collins}, D.~C. and {Padoan}, P. and {Norman}, M.~L. and {Xu}, H.
	},
    title = "{Mass and Magnetic Distributions in Self-gravitating Super-Alfv{\'e}nic Turbulence with Adaptive Mesh Refinement}",
  journal = {\apj},
archivePrefix = "arXiv",
   eprint = {1008.2402},
 keywords = {ISM: clouds, ISM: kinematics and dynamics, ISM: magnetic fields, magnetohydrodynamics: MHD},
     year = 2011,
    month = apr,
   volume = 731,
      eid = {59},
    pages = {59},
      doi = {10.1088/0004-637X/731/1/59},
   adsurl = {http://adsabs.harvard.edu/abs/2011ApJ...731...59C},
  adsnote = {Provided by the SAO/NASA Astrophysics Data System}
}

@ARTICLE{Collins12,
   author = {{Collins}, D.~C. and {Kritsuk}, A.~G. and {Padoan}, P. and {Li}, H. and 
	{Xu}, H. and {Ustyugov}, S.~D. and {Norman}, M.~L.},
    title = "{The Two States of Star-forming Clouds}",
  journal = {\apj},
archivePrefix = "arXiv",
   eprint = {1202.2594},
 primaryClass = "astro-ph.SR",
 keywords = {magnetohydrodynamics: MHD, stars: formation},
     year = 2012,
    month = may,
   volume = 750,
      eid = {13},
    pages = {13},
      doi = {10.1088/0004-637X/750/1/13},
   adsurl = {http://adsabs.harvard.edu/abs/2012ApJ...750...13C},
  adsnote = {Provided by the SAO/NASA Astrophysics Data System}
}

@ARTICLE{Egan16,
   author = {{Egan}, H. and {O'Shea}, B.~W. and {Hallman}, E. and {Burns}, J. and 
	{Xu}, H. and {Collins}, D. and {Li}, H. and {Norman}, M.~L.},
    title = "{Length Scales and Turbulent Properties of Magnetic Fields in Simulated Galaxy Clusters}",
  journal = {ArXiv e-prints},
archivePrefix = "arXiv",
   eprint = {1601.05083},
 keywords = {Astrophysics - Cosmology and Nongalactic Astrophysics},
     year = 2016,
    month = jan,
   adsurl = {http://adsabs.harvard.edu/abs/2016arXiv160105083E},
  adsnote = {Provided by the SAO/NASA Astrophysics Data System}
}

@ARTICLE{Hoeflich17,
   author = {{Hoeflich}, P. and {Chakraborty}, S. and {Comaskey}, W. and 
	{Fisher}, A. and {Hristov}, B. and {Collins}, D. and {Diamond}, T.~R. and 
	{Dragulin}, P. and {Hsiao}, E.~Y. and {Sadler}, B.},
    title = "{Signatures of progenitors of Type Ia supernovae}",
  journal = {\memsai},
 keywords = {Supernovae: Progenitors, Spectra, Light Curves, Cosmology},
     year = 2017,
   volume = 88,
    pages = {302},
   adsurl = {http://adsabs.harvard.edu/abs/2017MmSAI..88..302H},
  adsnote = {Provided by the SAO/NASA Astrophysics Data System}
}

@ARTICLE{Hristov17,
   author = {{Hristov}, B. and {Collins}, D.~C. and {Hoeflich}, P. and {Weatherford}, C.~A. and 
	{Diamond}, T.~R.},
    title = "{Magneto-Hydrodynamical Effects on Nuclear Deflagration Fronts in Type Ia Supernovae}",
  journal = {ArXiv e-prints},
archivePrefix = "arXiv",
   eprint = {1711.11103},
 primaryClass = "astro-ph.SR",
 keywords = {Astrophysics - Solar and Stellar Astrophysics, Astrophysics - High Energy Astrophysical Phenomena},
     year = 2017,
    month = nov,
   adsurl = {http://adsabs.harvard.edu/abs/2017arXiv171111103H},
  adsnote = {Provided by the SAO/NASA Astrophysics Data System}
}

@ARTICLE{Kritsuk11,
   author = {{Kritsuk}, A.~G. and {Nordlund}, {\AA}. and {Collins}, D. and 
	{Padoan}, P. and {Norman}, M.~L. and {Abel}, T. and {Banerjee}, R. and 
	{Federrath}, C. and {Flock}, M. and {Lee}, D. and {Li}, P.~S. and 
	{M{\"u}ller}, W.-C. and {Teyssier}, R. and {Ustyugov}, S.~D. and 
	{Vogel}, C. and {Xu}, H.},
    title = "{Comparing Numerical Methods for Isothermal Magnetized Supersonic Turbulence}",
  journal = {\apj},
archivePrefix = "arXiv",
   eprint = {1103.5525},
 primaryClass = "astro-ph.SR",
 keywords = {ISM: structure, magnetohydrodamics: MHD, methods: numerical, turbulence},
     year = 2011,
    month = aug,
   volume = 737,
      eid = {13},
    pages = {13},
      doi = {10.1088/0004-637X/737/1/13},
   adsurl = {http://adsabs.harvard.edu/abs/2011ApJ...737...13K},
  adsnote = {Provided by the SAO/NASA Astrophysics Data System}
}

@ARTICLE{Malinen11,
   author = {{Malinen}, J. and {Juvela}, M. and {Collins}, D.~C. and {Lunttila}, T. and 
	{Padoan}, P.},
    title = "{Accuracy of core mass estimates in simulated observations of dust emission}",
  journal = {\aap},
archivePrefix = "arXiv",
   eprint = {1009.4580},
 keywords = {ISM: structure, ISM: clouds, stars: formation, radiative transfer, magnetohydrodynamics (MHD), submillimeter: ISM},
     year = 2011,
    month = jun,
   volume = 530,
      eid = {A101},
    pages = {A101},
      doi = {10.1051/0004-6361/201015767},
   adsurl = {http://adsabs.harvard.edu/abs/2011A%26A...530A.101M},
  adsnote = {Provided by the SAO/NASA Astrophysics Data System}
}

@ARTICLE{Malinen16,
   author = {{Malinen}, J. and {Montier}, L. and {Montillaud}, J. and {Juvela}, M. and 
	{Ristorcelli}, I. and {Clark}, S.~E. and {Bern{\'e}}, O. and 
	{Bernard}, J.-P. and {Pelkonen}, V.-M. and {Collins}, D.~C.},
    title = "{Matching dust emission structures and magnetic field in high-latitude cloud L1642: comparing Herschel and Planck maps}",
  journal = {\mnras},
archivePrefix = "arXiv",
   eprint = {1512.03775},
 keywords = {polarization, ISM: clouds, ISM: magnetic fields, submillimetre: ISM},
     year = 2016,
    month = aug,
   volume = 460,
    pages = {1934-1945},
      doi = {10.1093/mnras/stw1061},
   adsurl = {http://adsabs.harvard.edu/abs/2016MNRAS.460.1934M},
  adsnote = {Provided by the SAO/NASA Astrophysics Data System}
}

@ARTICLE{Oishi15,
   author = {{Oishi}, J.~S. and {Mac Low}, M.-M. and {Collins}, D.~C. and 
	{Tamura}, M.},
    title = "{Self-generated Turbulence in Magnetic Reconnection}",
  journal = {\apjl},
archivePrefix = "arXiv",
   eprint = {1505.04653},
 primaryClass = "astro-ph.SR",
 keywords = {magnetic reconnection, turbulence},
     year = 2015,
    month = jun,
   volume = 806,
      eid = {L12},
    pages = {L12},
      doi = {10.1088/2041-8205/806/1/L12},
   adsurl = {http://adsabs.harvard.edu/abs/2015ApJ...806L..12O},
  adsnote = {Provided by the SAO/NASA Astrophysics Data System}
}

@ARTICLE{Schmidt13,
   author = {{Schmidt}, W. and {Collins}, D.~C. and {Kritsuk}, A.~G.},
    title = "{Local support against gravity in magnetoturbulent fluids}",
  journal = {\mnras},
archivePrefix = "arXiv",
   eprint = {1302.4292},
 keywords = {gravitation, magnetic fields, turbulence, methods: numerical, ISM: kinematics and dynamics},
     year = 2013,
    month = jun,
   volume = 431,
    pages = {3196-3215},
      doi = {10.1093/mnras/stt399},
   adsurl = {http://adsabs.harvard.edu/abs/2013MNRAS.431.3196S},
  adsnote = {Provided by the SAO/NASA Astrophysics Data System}
}

@ARTICLE{Shetty10,
   author = {{Shetty}, R. and {Collins}, D.~C. and {Kauffmann}, J. and {Goodman}, A.~A. and 
	{Rosolowsky}, E.~W. and {Norman}, M.~L.},
    title = "{The Effect of Projection on Derived Mass-Size and Linewidth-Size Relationships}",
  journal = {\apj},
archivePrefix = "arXiv",
   eprint = {1001.4549},
 keywords = {ISM: clouds, ISM: structure, methods: analytical, stars: formation},
     year = 2010,
    month = apr,
   volume = 712,
    pages = {1049-1056},
      doi = {10.1088/0004-637X/712/2/1049},
   adsurl = {http://adsabs.harvard.edu/abs/2010ApJ...712.1049S},
  adsnote = {Provided by the SAO/NASA Astrophysics Data System}
}

@ARTICLE{Skillman13,
   author = {{Skillman}, S.~W. and {Xu}, H. and {Hallman}, E.~J. and {O'Shea}, B.~W. and 
	{Burns}, J.~O. and {Li}, H. and {Collins}, D.~C. and {Norman}, M.~L.
	},
    title = "{Cosmological Magnetohydrodynamic Simulations of Galaxy Cluster Radio Relics: Insights and Warnings for Observations}",
  journal = {\apj},
archivePrefix = "arXiv",
   eprint = {1211.3122},
 keywords = {cosmic rays, cosmology: theory, magnetohydrodynamics: MHD, methods: numerical, radiation mechanisms: non-thermal},
     year = 2013,
    month = mar,
   volume = 765,
      eid = {21},
    pages = {21},
      doi = {10.1088/0004-637X/765/1/21},
   adsurl = {http://adsabs.harvard.edu/abs/2013ApJ...765...21S},
  adsnote = {Provided by the SAO/NASA Astrophysics Data System}
}

@ARTICLE{Wu17,
   author = {{Wu}, B. and {Tan}, J.~C. and {Christie}, D. and {Nakamura}, F. and 
	{Van Loo}, S. and {Collins}, D.},
    title = "{GMC Collisions as Triggers of Star Formation. III. Density and Magnetically Regulated Star Formation}",
  journal = {\apj},
archivePrefix = "arXiv",
   eprint = {1702.08117},
 keywords = {ISM: clouds, ISM: kinematics and dynamics, ISM: magnetic fields, methods: numerical, stars: formation, stars: kinematics and dynamics},
     year = 2017,
    month = jun,
   volume = 841,
      eid = {88},
    pages = {88},
      doi = {10.3847/1538-4357/aa6ffa},
   adsurl = {http://adsabs.harvard.edu/abs/2017ApJ...841...88W},
  adsnote = {Provided by the SAO/NASA Astrophysics Data System}
}

@ARTICLE{Wu17b,
   author = {{Wu}, B. and {Tan}, J.~C. and {Nakamura}, F. and {Van Loo}, S. and 
	{Christie}, D. and {Collins}, D.},
    title = "{GMC Collisions as Triggers of Star Formation. II. 3D Turbulent, Magnetized Simulations}",
  journal = {\apj},
archivePrefix = "arXiv",
   eprint = {1606.01320},
 keywords = {ISM: clouds, ISM: kinematics and dynamics, ISM: lines and bands, ISM: magnetic fields, ISM: structure, methods: numerical},
     year = 2017,
    month = feb,
   volume = 835,
      eid = {137},
    pages = {137},
      doi = {10.3847/1538-4357/835/2/137},
   adsurl = {http://adsabs.harvard.edu/abs/2017ApJ...835..137W},
  adsnote = {Provided by the SAO/NASA Astrophysics Data System}
}

@ARTICLE{Xu08,
   author = {{Xu}, H. and {O'Shea}, B.~W. and {Collins}, D.~C. and {Norman}, M.~L. and 
	{Li}, H. and {Li}, S.},
    title = "{The Biermann Battery in Cosmological MHD Simulations of Population III Star Formation}",
  journal = {\apjl},
archivePrefix = "arXiv",
   eprint = {0807.2647},
 keywords = {cosmology: theory, galaxies: high-redshift, MHD, stars: formation},
     year = 2008,
    month = dec,
   volume = 688,
      eid = {L57},
    pages = {L57},
      doi = {10.1086/595617},
   adsurl = {http://adsabs.harvard.edu/abs/2008ApJ...688L..57X},
  adsnote = {Provided by the SAO/NASA Astrophysics Data System}
}

@ARTICLE{Xu08b,
   author = {{Xu}, H. and {Li}, H. and {Collins}, D. and {Li}, S. and {Norman}, M.~L.
	},
    title = "{Formation of X-Ray Cavities by the Magnetically Dominated Jet-Lobe System in a Galaxy Cluster}",
  journal = {\apjl},
archivePrefix = "arXiv",
   eprint = {0806.3789},
 keywords = {galaxies: active, galaxies: clusters: general, galaxies: jets, methods: numerical, MHD },
     year = 2008,
    month = jul,
   volume = 681,
      eid = {L61},
    pages = {L61},
      doi = {10.1086/590407},
   adsurl = {http://adsabs.harvard.edu/abs/2008ApJ...681L..61X},
  adsnote = {Provided by the SAO/NASA Astrophysics Data System}
}

@ARTICLE{Xu09,
   author = {{Xu}, H. and {Li}, H. and {Collins}, D.~C. and {Li}, S. and 
	{Norman}, M.~L.},
    title = "{Turbulence and Dynamo in Galaxy Cluster Medium: Implications on the Origin of Cluster Magnetic Fields}",
  journal = {\apjl},
archivePrefix = "arXiv",
   eprint = {0905.2196},
 primaryClass = "astro-ph.CO",
 keywords = {galaxies: active, galaxies: clusters: general, methods: numerical, MHD, turbulence},
     year = 2009,
    month = jun,
   volume = 698,
    pages = {L14-L17},
      doi = {10.1088/0004-637X/698/1/L14},
   adsurl = {http://adsabs.harvard.edu/abs/2009ApJ...698L..14X},
  adsnote = {Provided by the SAO/NASA Astrophysics Data System}
}

@ARTICLE{Xu10,
   author = {{Xu}, H. and {Li}, H. and {Collins}, D.~C. and {Li}, S. and 
	{Norman}, M.~L.},
    title = "{Evolution and Distribution of Magnetic Fields from Active Galactic Nuclei in Galaxy Clusters. I. The Effect of Injection Energy and Redshift}",
  journal = {\apj},
archivePrefix = "arXiv",
   eprint = {1011.0030},
 keywords = {galaxies: active, galaxies: clusters: general, magnetohydrodynamics: MHD, methods: numerical, turbulence},
     year = 2010,
    month = dec,
   volume = 725,
    pages = {2152-2165},
      doi = {10.1088/0004-637X/725/2/2152},
   adsurl = {http://adsabs.harvard.edu/abs/2010ApJ...725.2152X},
  adsnote = {Provided by the SAO/NASA Astrophysics Data System}
}

@ARTICLE{Xu11,
   author = {{Xu}, H. and {Li}, H. and {Collins}, D.~C. and {Li}, S. and 
	{Norman}, M.~L.},
    title = "{Evolution and Distribution of Magnetic Fields from Active Galactic Nuclei in Galaxy Clusters. II. The Effects of Cluster Size and Dynamical State}",
  journal = {\apj},
archivePrefix = "arXiv",
   eprint = {1107.2599},
 keywords = {galaxies: active, galaxies: clusters: general, magnetic fields, magnetohydrodynamics: MHD, methods: numerical},
     year = 2011,
    month = oct,
   volume = 739,
      eid = {77},
    pages = {77},
      doi = {10.1088/0004-637X/739/2/77},
   adsurl = {http://adsabs.harvard.edu/abs/2011ApJ...739...77X},
  adsnote = {Provided by the SAO/NASA Astrophysics Data System}
}

@ARTICLE{Xu12,
   author = {{Xu}, H. and {Govoni}, F. and {Murgia}, M. and {Li}, H. and 
	{Collins}, D.~C. and {Norman}, M.~L. and {Cen}, R. and {Feretti}, L. and 
	{Giovannini}, G.},
    title = "{Comparisons of Cosmological Magnetohydrodynamic Galaxy Cluster Simulations to Radio Observations}",
  journal = {\apj},
archivePrefix = "arXiv",
   eprint = {1209.2737},
 keywords = {galaxies: clusters: general, large-scale structure of universe, magnetic fields, methods: numerical},
     year = 2012,
    month = nov,
   volume = 759,
      eid = {40},
    pages = {40},
      doi = {10.1088/0004-637X/759/1/40},
   adsurl = {http://adsabs.harvard.edu/abs/2012ApJ...759...40X},
  adsnote = {Provided by the SAO/NASA Astrophysics Data System}
}

