<head>
<META HTTP-EQUIV="Refresh" CONTENT="0;URL=/servlet/useragent">
</head>
,
@article{David_Collins_114755395,
title={Turbulence generation by shock interaction with a highly nonuniform medium},
journal={Physical Review E},
author={David Collins and Seth Davidovits and Christoph Federrath and Romain Teyssier and Kumar S. Raman and David C. Collins and Sabrina R. Nagel},
doi={10.1103/PhysRevE.105.065206},
url={http://doi.org/10.1103/PhysRevE.105.065206},
year={2022}
},
@article{Dhawalikar_2022,	doi = {10.1093/mnras/stac1480},	url = {https://doi.org/10.1093%2Fmnras%2Fstac1480},	year = 2022,	month = {may},	publisher = {Oxford University Press ({OUP})},	volume = {514},	number = {2},	pages = {1782--1800},	author = {Saee Dhawalikar and Christoph Federrath and Seth Davidovits and Romain Teyssier and Sabrina R Nagel and Bruce A Remington and David C Collins},	title = {The driving mode of shock-driven turbulence},	journal = {Monthly Notices of the Royal Astronomical Society}},
@article{Hoeflich_2021,	doi = {10.3847/1538-4357/ac250d},	url = {https://doi.org/10.3847%2F1538-4357%2Fac250d},	year = 2021,	month = {nov},	publisher = {American Astronomical Society},	volume = {922},	number = {2},	pages = {186},	author = {P. Hoeflich and C. Ashall and S. Bose and E. Baron and M. D. Stritzinger and S. Davis and M. Shahbandeh and G. S. Anand and D. Baade and C. R. Burns and D. C. Collins and T. R. Diamond and A. Fisher and L. Galbany and B. A. Hristov and E. Y. Hsiao and M. M. Phillips and B. Shappee and N. B. Suntzeff and M. Tucker},	title = {Measuring an Off-center Detonation through Infrared Line Profiles: The Peculiar Type Ia Supernova {SN} 2020qxp/{ASASSN}-20jq},	journal = {The Astrophysical Journal}},
@article{David_Collins_105204326,
title={Physics of Thermonuclear Explosions: Magnetic Field Effects on Deflagration Fronts and Observable Consequences},
journal={The Astrophysical Journal},
author={David Collins and Boyan Hristov and Peter Hoeflich and David C. Collins},
doi={10.3847/1538-4357/ac0ef8},
url={http://doi.org/10.3847/1538-4357/ac0ef8},
year={2021}
},
@article{Burkhart_2020,
	doi = {10.3847/1538-4357/abc484},
	url = {https://doi.org/10.3847%2F1538-4357%2Fabc484},
	year = 2020,
	month = {dec},
	publisher = {American Astronomical Society},
	volume = {905},
	number = {1},
	pages = {14},
	author = {B. Burkhart and S. M. Appel and S. Bialy and J. Cho and A. J. Christensen and D. Collins and C. Federrath and D. B. Fielding and D. Finkbeiner and A. S. Hill and J. C. Ib{\'{a}}{\~{n}}ez-Mej{\'{\i}}a and M. R. Krumholz and A. Lazarian and M. Li and P. Mocz and M.-M. Mac Low and J. Naiman and S. K. N. Portillo and B. Shane and Z. Slepian and Y. Yuan},
	title = {The Catalogue for Astrophysical Turbulence Simulations ({CATS})},
	journal = {The Astrophysical Journal}
},
@article{David_Collins_78590149,
title={The Power Spectra of Polarized, Dusty Filaments},
journal={The Astrophysical Journal},
author={David Collins and Kevin M. Huffenberger and Aditya Rotti and David C. Collins},
doi={10.3847/1538-4357/ab9df9},
url={http://doi.org/10.3847/1538-4357/ab9df9},
year={2020}
},
@article{Brummel_Smith_2019,	doi = {10.21105/joss.01636},	url = {https://doi.org/10.21105%2Fjoss.01636},	year = 2019,	month = {oct},	publisher = {The Open Journal},	volume = {4},	number = {42},	pages = {1636},	author = {Corey Brummel-Smith and Greg Bryan and Iryna Butsky and Lauren Corlies and Andrew Emerick and John Forbes and Yusuke Fujimoto and Nathan Goldbaum and Philipp Grete and Cameron Hummels and Ji-hoon Kim and Daegene Koh and Miao Li and Yuan Li and Xinyu Li and Brian O{\textquotesingle}Shea and Molly Peeples and John Regan and Munier Salem and Wolfram Schmidt and Christine Simpson and Britton Smith and Jason Tumlinson and Matthew Turk and John Wise and Tom Abel and James Bordner and Renyue Cen and David Collins and Brian Crosby and Philipp Edelmann and Oliver Hahn and Robert Harkness and Elizabeth Harper-Clark and Shuo Kong and Alexei Kritsuk and Michael Kuhlen and James Larrue and Eve Lee and Greg Meece and Michael Norman and Jeffrey Oishi and Pascal Paschos and Carolyn Peruta and Alex Razoumov and Daniel Reynolds and Devin Silvia and Samuel Skillman and Stephen Skory and Geoffrey So and Elizabeth Tasker and Rick Wagner and Peng Wang and Hao Xu and Fen Zhao},	title = {{ENZO}: An Adaptive Mesh Refinement Code for Astrophysics (Version 2.6)},	journal = {Journal of Open Source Software}},
@article{David_Collins_61572826,
title={The Impact of Enhanced Halo Resolution on the Simulated Circumgalactic Medium},
journal={The Astrophysical Journal},
author={David Collins and Cameron B. Hummels and Britton D. Smith and Philip F. Hopkins and Brian W. Oâ€™Shea and Devin W. Silvia and Jessica K. Werk and Nicolas Lehner and John H. Wise and David C. Collins and Iryna S. Butsky},
doi={10.3847/1538-4357/ab378f},
url={http://doi.org/10.3847/1538-4357/ab378f},
year={2019}
},
@article{David_Collins_46471912,
title={Near-infrared Spectral Evolution of the Type Ia Supernova 2014J in the Nebular Phase: Implications for the Progenitor System},
journal={The Astrophysical Journal},
author={David Collins and T. R. Diamond and P. Hoeflich and E. Y. Hsiao and D. J. Sand and G. Sonneborn and M. M. Phillips and B. Hristov and D. C. Collins and C. Ashall and G. H. Marion and M. Stritzinger and N. Morrell and C. L. Gerardy and R. B. Penney},
doi={10.3847/1538-4357/aac434},
url={http://doi.org/10.3847/1538-4357/aac434},
year={2018}
},
@article{David_Collins_45405314,
title={The Anatomy of the Column Density Probability Distribution Function (N-PDF)},
journal={The Astrophysical Journal},
author={David Collins and Hope How-Huan Chen and Blakesley Burkhart and Alyssa Goodman and David C. Collins},
doi={10.3847/1538-4357/aabaf6},
url={http://doi.org/10.3847/1538-4357/aabaf6},
year={2018}
},
@article{David_Collins_44094419,
title={Magnetohydrodynamical Effects on Nuclear Deflagration Fronts in Type Ia Supernovae},
journal={The Astrophysical Journal},
author={David Collins and Boyan Hristov and David C. Collins and Peter Hoeflich and Charles A. Weatherford and Tiara R. Diamond},
doi={10.3847/1538-4357/aab7f2},
url={http://doi.org/10.3847/1538-4357/aab7f2},
year={2018}
},
@article{Wu_2017,	doi = {10.3847/1538-4357/aa6ffa},	url = {https://doi.org/10.3847%2F1538-4357%2Faa6ffa},	year = 2017,	month = {may},	publisher = {American Astronomical Society},	volume = {841},	number = {2},	pages = {88},	author = {Benjamin Wu and Jonathan C. Tan and Duncan Christie and Fumitaka Nakamura and Sven Van Loo and David Collins},	title = {{GMC} Collisions as Triggers of Star Formation. {III}. Density and Magnetically Regulated Star Formation},	journal = {The Astrophysical Journal}},
@article{Wu_2017,
	doi = {10.3847/1538-4357/835/2/137},
	url = {https://doi.org/10.3847%2F1538-4357%2F835%2F2%2F137},
	year = 2017,
	month = {jan},
	publisher = {American Astronomical Society},
	volume = {835},
	number = {2},
	pages = {137},
	author = {Benjamin Wu and Jonathan C. Tan and Fumitaka Nakamura and Sven Van Loo and Duncan Christie and David Collins},
	title = {{GMC} Collisions as Triggers of Star Formation. {II}. 3D Turbulent, Magnetized Simulations},
	journal = {The Astrophysical Journal}
},
@article{Burkhart_2016,
	doi = {10.3847/2041-8213/834/1/l1},
	url = {https://doi.org/10.3847%2F2041-8213%2F834%2F1%2Fl1},
	year = 2016,
	month = {dec},
	publisher = {American Astronomical Society},
	volume = {834},
	number = {1},
	pages = {L1},
	author = {Blakesley Burkhart and Kye Stalpes and David C. Collins},
	title = {{THE} {RAZOR}'S {EDGE} {OF} {COLLAPSE}: {THE} {TRANSITION} {POINT} {FROM} {LOGNORMAL} {TO} {POWER}-{LAW} {DISTRIBUTIONS} {IN} {MOLECULAR} {CLOUDS}},
	journal = {The Astrophysical Journal}
},
@article{Malinen_2016,	doi = {10.1093/mnras/stw1061},	url = {https://doi.org/10.1093%2Fmnras%2Fstw1061},	year = 2016,	month = {may},	publisher = {Oxford University Press ({OUP})},	volume = {460},	number = {2},	pages = {1934--1945},	author = {J. Malinen and L. Montier and J. Montillaud and M. Juvela and I. Ristorcelli and S. E. Clark and O. Bern{\'{e}} and J.-Ph. Bernard and V.-M. Pelkonen and D. C. Collins},	title = {Matching dust emission structures and magnetic field in high-latitude cloud L1642: comparing$\less$i$\greater$Herschel$\less$/i$\greater$and$\less$i$\greater$Planck$\less$/i$\greater$maps},	journal = {Monthly Notices of the Royal Astronomical Society}},
@article{Burkhart_2015,	doi = {10.1088/0004-637x/808/1/48},	url = {https://doi.org/10.1088%2F0004-637x%2F808%2F1%2F48},	year = 2015,	month = {jul},	publisher = {American Astronomical Society},	volume = {808},	number = {1},	pages = {48},	author = {Blakesley Burkhart and David C. Collins and Alex Lazarian},	title = {{OBSERVATIONAL} {DIAGNOSTICS} {OF} {SELF}-{GRAVITATING} {MHD} {TURBULENCE} {IN} {GIANT} {MOLECULAR} {CLOUDS}},	journal = {The Astrophysical Journal}},
@article{Oishi_2015,
	doi = {10.1088/2041-8205/806/1/l12},
	url = {https://doi.org/10.1088%2F2041-8205%2F806%2F1%2Fl12},
	year = 2015,
	month = {jun},
	publisher = {{IOP} Publishing},
	volume = {806},
	number = {1},
	pages = {L12},
	author = {Jeffrey S. Oishi and Mordecai-Mark Mac Low and David C. Collins and Moeko Tamura},
	title = {{SELF}-{GENERATED} {TURBULENCE} {IN} {MAGNETIC} {RECONNECTION}},
	journal = {The Astrophysical Journal}
},
@article{Bryan_2014,	doi = {10.1088/0067-0049/211/2/19},	url = {https://doi.org/10.1088%2F0067-0049%2F211%2F2%2F19},	year = 2014,	month = {mar},	publisher = {American Astronomical Society},	volume = {211},	number = {2},	pages = {19},	author = {Greg L. Bryan and Michael L. Norman and Brian W. O{\textquotesingle}Shea and Tom Abel and John H. Wise and Matthew J. Turk and Daniel R. Reynolds and David C. Collins and Peng Wang and Samuel W. Skillman and Britton Smith and Robert P. Harkness and James Bordner and Ji-hoon Kim and Michael Kuhlen and Hao Xu and Nathan Goldbaum and Cameron Hummels and Alexei G. Kritsuk and Elizabeth Tasker and Stephen Skory and Christine M. Simpson and Oliver Hahn and Jeffrey S. Oishi and Geoffrey C. So and Fen Zhao and Renyue Cen and Yuan Li and},	title = {{ENZO}: {AN} {ADAPTIVE} {MESH} {REFINEMENT} {CODE} {FOR} {ASTROPHYSICS}},	journal = {The Astrophysical Journal Supplement Series}},
@article{Schmidt_2013,	doi = {10.1093/mnras/stt399},	url = {https://doi.org/10.1093%2Fmnras%2Fstt399},	year = 2013,	month = {apr},	publisher = {Oxford University Press ({OUP})},	volume = {431},	number = {4},	pages = {3196--3215},	author = {W. Schmidt and D. C. Collins and A. G. Kritsuk},	title = {Local support against gravity in magnetoturbulent fluids},	journal = {Monthly Notices of the Royal Astronomical Society}},
@article{Skillman_2013,	doi = {10.1088/0004-637x/765/1/21},	url = {https://doi.org/10.1088%2F0004-637x%2F765%2F1%2F21},	year = 2013,	month = {feb},	publisher = {American Astronomical Society},	volume = {765},	number = {1},	pages = {21},	author = {Samuel W. Skillman and Hao Xu and Eric J. Hallman and Brian W. O{\textquotesingle}Shea and Jack O. Burns and Hui Li and David C. Collins and Michael L. Norman},	title = {{COSMOLOGICAL} {MAGNETOHYDRODYNAMIC} {SIMULATIONS} {OF} {GALAXY} {CLUSTER} {RADIO} {RELICS}: {INSIGHTS} {AND} {WARNINGS} {FOR} {OBSERVATIONS}},	journal = {The Astrophysical Journal}},
@article{Xu_2012,	doi = {10.1088/0004-637x/759/1/40},	url = {https://doi.org/10.1088%2F0004-637x%2F759%2F1%2F40},	year = 2012,	month = {oct},	publisher = {American Astronomical Society},	volume = {759},	number = {1},	pages = {40},	author = {Hao Xu and Federica Govoni and Matteo Murgia and Hui Li and David C. Collins and Michael L. Norman and Renyue Cen and Luigina Feretti and Gabriele Giovannini},	title = {{COMPARISONS} {OF} {COSMOLOGICAL} {MAGNETOHYDRODYNAMIC} {GALAXY} {CLUSTER} {SIMULATIONS} {TO} {RADIO} {OBSERVATIONS}},	journal = {The Astrophysical Journal}},
@article{Collins_2012,	doi = {10.1088/0004-637x/750/1/13},	url = {https://doi.org/10.1088%2F0004-637x%2F750%2F1%2F13},	year = 2012,	month = {apr},	publisher = {American Astronomical Society},	volume = {750},	number = {1},	pages = {13},	author = {David C. Collins and Alexei G. Kritsuk and Paolo Padoan and Hui Li and Hao Xu and Sergey D. Ustyugov and Michael L. Norman},	title = {{THE} {TWO} {STATES} {OF} {STAR}-{FORMING} {CLOUDS}},	journal = {The Astrophysical Journal}},
@article{Xu_2011,	doi = {10.1088/0004-637x/739/2/77},	url = {https://doi.org/10.1088%2F0004-637x%2F739%2F2%2F77},	year = 2011,	month = {sep},	publisher = {American Astronomical Society},	volume = {739},	number = {2},	pages = {77},	author = {Hao Xu and Hui Li and David C. Collins and Shengtai Li and Michael L. Norman},	title = {{EVOLUTION} {AND} {DISTRIBUTION} {OF} {MAGNETIC} {FIELDS} {FROM} {ACTIVE} {GALACTIC} {NUCLEI} {IN} {GALAXY} {CLUSTERS}. {II}. {THE} {EFFECTS} {OF} {CLUSTER} {SIZE} {AND} {DYNAMICAL} {STATE}},	journal = {The Astrophysical Journal}},
@article{Kritsuk_2011,	doi = {10.1088/0004-637x/737/1/13},	url = {https://doi.org/10.1088%2F0004-637x%2F737%2F1%2F13},	year = 2011,	month = {jul},	publisher = {American Astronomical Society},	volume = {737},	number = {1},	pages = {13},	author = {Alexei G. Kritsuk and {\AA}ke Nordlund and David Collins and Paolo Padoan and Michael L. Norman and Tom Abel and Robi Banerjee and Christoph Federrath and Mario Flock and Dongwook Lee and Pak Shing Li and Wolf-Christian MÃ¼ller and Romain Teyssier and Sergey D. Ustyugov and Christian Vogel and Hao Xu},	title = {{COMPARING} {NUMERICAL} {METHODS} {FOR} {ISOTHERMAL} {MAGNETIZED} {SUPERSONIC} {TURBULENCE}},	journal = {The Astrophysical Journal}},
@article{Malinen_2011,	doi = {10.1051/0004-6361/201015767},	url = {https://doi.org/10.1051%2F0004-6361%2F201015767},	year = 2011,	month = {may},	publisher = {{EDP} Sciences},	volume = {530},	pages = {A101},	author = {J. Malinen and M. Juvela and D. C. Collins and T. Lunttila and P. Padoan},	title = {Accuracy of core mass estimates in simulated observations of dust emission},	journal = {Astronomy {\&}amp$\mathsemicolon$ Astrophysics}},
@article{Collins_2011,	doi = {10.1088/0004-637x/731/1/59},	url = {https://doi.org/10.1088%2F0004-637x%2F731%2F1%2F59},	year = 2011,	month = {mar},	publisher = {American Astronomical Society},	volume = {731},	number = {1},	pages = {59},	author = {David C. Collins and Paolo Padoan and Michael L. Norman and Hao Xu},	title = {{MASS} {AND} {MAGNETIC} {DISTRIBUTIONS} {IN} {SELF}-{GRAVITATING} {SUPER}-{ALFV}{\'{E}}{NIC} {TURBULENCE} {WITH} {ADAPTIVE} {MESH} {REFINEMENT}},	journal = {The Astrophysical Journal}},
@article{Xu_2010,	doi = {10.1088/0004-637x/725/2/2152},	url = {https://doi.org/10.1088%2F0004-637x%2F725%2F2%2F2152},	year = 2010,	month = {dec},	publisher = {American Astronomical Society},	volume = {725},	number = {2},	pages = {2152--2165},	author = {Hao Xu and Hui Li and David C. Collins and Shengtai Li and Michael L. Norman},	title = {{EVOLUTION} {AND} {DISTRIBUTION} {OF} {MAGNETIC} {FIELDS} {FROM} {ACTIVE} {GALACTIC} {NUCLEI} {IN} {GALAXY} {CLUSTERS}. I. {THE} {EFFECT} {OF} {INJECTION} {ENERGY} {AND} {REDSHIFT}},	journal = {The Astrophysical Journal}},
@article{Shetty_2010,	doi = {10.1088/0004-637x/712/2/1049},	url = {https://doi.org/10.1088%2F0004-637x%2F712%2F2%2F1049},	year = 2010,	month = {mar},	publisher = {American Astronomical Society},	volume = {712},	number = {2},	pages = {1049--1056},	author = {Rahul Shetty and David C. Collins and Jens Kauffmann and Alyssa A. Goodman and Erik W. Rosolowsky and Michael L. Norman},	title = {{THE} {EFFECT} {OF} {PROJECTION} {ON} {DERIVED} {MASS}-{SIZE} {AND} {LINEWIDTH}-{SIZE} {RELATIONSHIPS}},	journal = {The Astrophysical Journal}},
@article{Collins_2010,	doi = {10.1088/0067-0049/186/2/308},	url = {https://doi.org/10.1088%2F0067-0049%2F186%2F2%2F308},	year = 2010,	month = {jan},	publisher = {American Astronomical Society},	volume = {186},	number = {2},	pages = {308--333},	author = {David C. Collins and Hao Xu and Michael L. Norman and Hui Li and Shengtai Li},	title = {{COSMOLOGICAL} {ADAPTIVE} {MESH} {REFINEMENT} {MAGNETOHYDRODYNAMICS} {WITH} {ENZO}},	journal = {The Astrophysical Journal Supplement Series}},
@article{Xu_2009,	doi = {10.1088/0004-637x/698/1/l14},	url = {https://doi.org/10.1088%2F0004-637x%2F698%2F1%2Fl14},	year = 2009,	month = {may},	publisher = {American Astronomical Society},	volume = {698},	number = {1},	pages = {L14--L17},	author = {Hao Xu and Hui Li and David C. Collins and Shengtai Li and Michael L. Norman},	title = {{TURBULENCE} {AND} {DYNAMO} {IN} {GALAXY} {CLUSTER} {MEDIUM}: {IMPLICATIONS} {ON} {THE} {ORIGIN} {OF} {CLUSTER} {MAGNETIC} {FIELDS}},	journal = {The Astrophysical Journal}},
@article{Xu_2008,	doi = {10.1086/595617},	url = {https://doi.org/10.1086%2F595617},	year = 2008,	month = {oct},	publisher = {American Astronomical Society},	volume = {688},	number = {2},	pages = {L57--L60},	author = {Hao Xu and Brian W. O{\textquotesingle}Shea and David C. Collins and Michael L. Norman and Hui Li and Shengtai Li},	title = {The Biermann Battery in Cosmological {MHD} Simulations of Population {III} Star Formation},	journal = {The Astrophysical Journal}},
@article{Xu_2008,	doi = {10.1086/590407},	url = {https://doi.org/10.1086%2F590407},	year = 2008,	month = {jun},	publisher = {American Astronomical Society},	volume = {681},	number = {2},	pages = {L61--L64},	author = {H. Xu and H. Li and D. Collins and S. Li and M. L. Norman},	title = {Formation of X-Ray Cavities by the Magnetically Dominated Jet-Lobe System in a Galaxy Cluster},	journal = {The Astrophysical Journal}}